@BOOKLET{pyref-c-api,
  title = {The Python/C API, Release 2.7.3},
  author = {Guido van Rossum and Fred L. Drake, Jr.}, 
  publisher = {Python Software Foundation},
  year = {2012},
  note = {\url{http://docs.python.org/ftp/python/doc/2.7.3/python-2.7.3-docs-pdf-a4.zip}}
}

@BOOKLET{pyref-extending,
  title = {Extending and Embedding Python, Release 2.7.3},
  author = {Guido van Rossum and Fred L. Drake, Jr.},
  publisher = {Python Software Foundation},
  year = {2012},
  note = {\url{http://docs.python.org/ftp/python/doc/2.7.3/python-2.7.3-docs-pdf-a4.zip}}
}

@BOOKLET{pyref-library,
  title = {The Python Library Reference, Release 2.7.3},
 author = {Guido van Rossum and Fred L. Drake, Jr.},
  publisher = {Python Software Foundation},
  year = {2012},
  note = {\url{http://docs.python.org/ftp/python/doc/2.7.3/python-2.7.3-docs-pdf-a4.zip}}
}

@BOOKLET{pyref-reference,
  title = {The Python Language Reference, Release 2.7.3},
  author = {Guido van Rossum and Fred L. Drake, Jr.},
  publisher = {Python Software Foundation},
  year = {2012},
  note = {\url{http://docs.python.org/ftp/python/doc/2.7.3/python-2.7.3-docs-pdf-a4.zip}}
}

@BOOKLET{malloc,
  title = {Seminar "`Echtzeitfähige malloc()-Implementierungen"'},
  author = {Prof. Dr.-Ing. Rolf Ernst},
  publisher = {Technische Universität Braunschweig},
  year = {2011},
}

@BOOKLET{ironpython,
  title = {Support for Programming Embedded Software with Dynamically Typed Languages},
  author = {Krapfenbauer, H.},
  publisher = {Inst. of Comput. Technol., Vienna Univ. of Technol., Vienna},
  year = {2009},
}

@BOOKLET{dipl,
  title = {Mikrocontrollerprogrammierung mit Python},
  author = {Volker Thoms},
  publisher = {Hochschule Augsburg},
  year = {2010},
}

@BOOKLET{refcount,
  title = {Real-Time Reference Counting},
  author = {Tobias Ritzau},
  publisher = {Linköping University},
  year = {2000},
}

@BOOKLET{embeddedlinux,
  title = {Building Embedded Linux Systems},
  author = {Karim Yaghmour},
  publisher = {O'Reilly \& Associates, Inc.},
  year = {2003},
}

@BOOKLET{sweep,
  title = {Memory Efficient Hard Real-Time Garbage Collection},
  author = {Tobias Ritzau},
  publisher = {Linköping University},
  year = {2003},
}

@ONLINE{tinypy,
  author = {Phil Hassey},
  title = {A minimalist implementation of python in 64k of code.},
  note = {\url{http://code.google.com/p/tinypy/}}
}

@ONLINE{pyet,
  author = {Pablo Bleyer Kocik},
  title = {PyET Python Embedded Tools},
  note = {\url{http://www.nongnu.org/pyet/}}
}

@ONLINE{p14p,
  author = {Dean Hall},
  title = {Python-on-a-Chip and PyMite},
  note = {\url{http://code.google.com/p/python-on-a-chip/}}
}
